@inproceedings{cucerzan2007large,
  title={Large-scale named entity disambiguation based on Wikipedia data},
  author={Cucerzan, Silviu},
  booktitle={Proceedings of EMNLP-CoNLL},
  volume={6},
  pages={708--716},
  year={2007}
}

@inproceedings{agrawal2009diversifying,
  title={Diversifying search results},
  author={Agrawal, Rakesh and Gollapudi, Sreenivas and Halverson, Alan and Ieong, Samuel},
  booktitle={Proceedings of the Second ACM International Conference on Web Search and Data Mining},
  pages={5--14},
  year={2009},
  organization={ACM}
}

@inproceedings{santos2010exploiting,
  title={Exploiting query reformulations for web search result diversification},
  author={Santos, Rodrygo LT and Macdonald, Craig and Ounis, Iadh},
  booktitle={Proceedings of the 19th international conference on World wide web},
  pages={881--890},
  year={2010},
  organization={ACM}
}

@incollection{santos2010explicit,
  title={Explicit search result diversification through sub-queries},
  author={Santos, Rodrygo LT and Peng, Jie and Macdonald, Craig and Ounis, Iadh},
  booktitle={Advances in information retrieval},
  pages={87--99},
  year={2010},
  publisher={Springer}
}

@inproceedings{santos2010selectively,
  title={Selectively diversifying web search results},
  author={Santos, Rodrygo LT and Macdonald, Craig and Ounis, Iadh},
  booktitle={Proceedings of the 19th ACM international conference on Information and knowledge management},
  pages={1179--1188},
  year={2010},
  organization={ACM}
}

@article{bhatia2012analysis,
  title={Analysis and automatic classification of web search queries for diversification requirements},
  author={Bhatia, Sumit and Brunk, Cliff and Mitra, Prasenjit},
  journal={Proceedings of the American Society for Information Science and Technology},
  volume={49},
  number={1},
  pages={1--10},
  year={2012},
  publisher={Wiley Online Library}
}

@inproceedings{gollapudi2009axiomatic,
  title={An axiomatic approach for result diversification},
  author={Gollapudi, Sreenivas and Sharma, Aneesh},
  booktitle={Proceedings of the 18th international conference on World wide web},
  pages={381--390},
  year={2009},
  organization={ACM}
}

@inproceedings{lu2010personalize,
  title={Personalize web search results with user's location},
  author={Lu, Yumao and Peng, Fuchun and Wei, Xing and Dumoulin, Benoit},
  booktitle={Proceedings of the 33rd international ACM SIGIR conference on Research and development in information retrieval},
  pages={763--764},
  year={2010},
  organization={ACM}
}

@inproceedings{teevan2005personalizing,
  title={Personalizing search via automated analysis of interests and activities},
  author={Teevan, Jaime and Dumais, Susan T and Horvitz, Eric},
  booktitle={Proceedings of the 28th annual international ACM SIGIR conference on Research and development in information retrieval},
  pages={449--456},
  year={2005},
  organization={ACM}
}

@inproceedings{guo2009named,
  title={Named entity recognition in query},
  author={Guo, Jiafeng and Xu, Gu and Cheng, Xueqi and Li, Hang},
  booktitle={Proceedings of the 32nd international ACM SIGIR conference on Research and development in information retrieval},
  pages={267--274},
  year={2009},
  organization={ACM}
}

@incollection{auer2007dbpedia,
  title={Dbpedia: A nucleus for a web of open data},
  author={Auer, S{\"o}ren and Bizer, Christian and Kobilarov, Georgi and Lehmann, Jens and Cyganiak, Richard and Ives, Zachary},
  booktitle={The semantic web},
  pages={722--735},
  year={2007},
  publisher={Springer}
}

@inproceedings{DBLP:conf/cikm/Pasca07a,
  author    = {Marius Pasca},
  title     = {Weakly-supervised discovery of named entities using web
               search queries},
  booktitle = {CIKM},
  year      = {2007},
  pages     = {683-690},
  ee        = {http://doi.acm.org/10.1145/1321440.1321536},
  crossref  = {DBLP:conf/cikm/2007},
  bibsource = {DBLP, http://dblp.uni-trier.de}
}

@incollection{stamou2009towards,
  title={Towards faceted search for named entity queries},
  author={Stamou, Sofia and Kozanidis, Lefteris},
  booktitle={Advances in Web and Network Technologies, and Information Management},
  pages={100--112},
  year={2009},
  publisher={Springer}
}

@inproceedings{bunescu2006using,
  title={Using encyclopedic knowledge for named entity disambiguation},
  author={Bunescu, Razvan and Pasca, Marius},
  booktitle={Proceedings of EACL},
  volume={6},
  pages={9--16},
  year={2006}
}

@inproceedings{finkel2005incorporating,
  title={Incorporating non-local information into information extraction systems by gibbs sampling},
  author={Finkel, Jenny Rose and Grenager, Trond and Manning, Christopher},
  booktitle={Proceedings of the 43rd Annual Meeting on Association for Computational Linguistics},
  pages={363--370},
  year={2005},
  organization={Association for Computational Linguistics}
}

@inproceedings{ratinov2009design,
  title={Design challenges and misconceptions in named entity recognition},
  author={Ratinov, Lev and Roth, Dan},
  booktitle={Proceedings of the Thirteenth Conference on Computational Natural Language Learning},
  pages={147--155},
  year={2009},
  organization={Association for Computational Linguistics}
}

@inproceedings{hoffart2011robust,
  title={Robust disambiguation of named entities in text},
  author={Hoffart, Johannes and Yosef, Mohamed Amir and Bordino, Ilaria and F{\"u}rstenau, Hagen and Pinkal, Manfred and Spaniol, Marc and Taneva, Bilyana and Thater, Stefan and Weikum, Gerhard},
  booktitle={Proceedings of the Conference on Empirical Methods in Natural Language Processing},
  pages={782--792},
  year={2011},
  organization={Association for Computational Linguistics}
}

@ONLINE{wiki:Online,
title = {Wikipedia, the free encyclopedia},
url = {http://www.wikipedia.org.}
}

@ONLINE{wikicat:Online,
title = {Wikipedia category hierarchy.},
url = { http://en.wikipedia.org/wiki/Special:Categories.}
}

@ONLINE{wikidisamb:Online,
title = {Wikipedia:Disambiguation},
url = { http://en.wikipedia.org/wiki/Wikipedia:Disambiguation}
}

@ONLINE{dbpedia:lookup,
title={Dbpedia lookup}
url = {http://lookup.dbpedia.org/api/search.asmx/KeywordSearch?QueryClass=place&QueryString=}
}